@mastersthesis{1,
  author = {王雄},
  title = {基于SDN的改进延迟调度算法},
  school = {武汉:华中科技大学},
  year = {2016},
}

@article{2,
  author = {陶永才 and 李文洁 and 石磊 and 刘磊 and 卫琳 and 曹仰杰},
  title = {基于负载均衡的Hadoop动态延迟调度机制},
  journal = {小型微型计算机系统},
  volume = {},
  number = {},
  year = {2015:445-449},
  issn = {},
  doi ={}
}

@article{3,
  author = {韩嫕},
  title = {Lambda架构在处理海量高并发数据中的应用},
  journal = {现代电视技术},
  volume = {},
  number = {},
  year = {2016:70-72},
  issn = {},
  doi ={}
}

@article{4,
  author = {肖睿 and 许红涛 and 吴保杰 and 蔚赵春 and 王洪涛},
  title = {基于Kappa架构的实时日志分析平台研究与实践},
  journal = {中国金融电脑},
  volume = {},
  number = {},
  year = {2021:81-84},
  issn = {},
  doi ={}
}

@article{5,
  author = {陈永南 and 许桂明 and 张新建},
  title = {一种基于数据湖的大数据处理机制研究},
  journal = {计算机与数字工程},
  volume = {},
  number = {},
  year = {2019:2540-2545},
  issn = {},
  doi ={}
}

@article{6,
  author = {刘子龙},
  title = {数据湖——现代化的数据存储方式},
  journal = {电子测试},
  volume = {},
  number = {},
  year = {2019:61-62},
  issn = {},
  doi ={}
}

@article{7,
  author = {李曼寻},
  title = {数据湖技术在档案信息资源共建中的应用},
  journal = {山西档案},
  volume = {},
  number = {},
  year = {2018:18-21},
  issn = {},
  doi ={}
}

@article{8,
  author     = {Marilex Rea Llave},
  title      = {Data lakes in business intelligence: reporting from the trenches},
  journal    = {Procedia Computer Science},
  year       = {2018:138-139},
  pages      = {},
}

@article{9,
  author     = {Rattanaopas Kritwara and Kaewkeerat Sureerat and Chuchuen Yanapat},
  title      = {A Comparison of ORC-Compress Performance with Big Data Workload on Virtualization},
  journal    = {Applied Mechanics and Materials},
  year       = {2016:855-857},
  volume = {},
  number = {},
}

@patent{10,
  author     = {Aikaterini Boufea and Richard Finkers and Martijn van Kaauwen and Mark Kramer and Ioannis N. Athanasiadis},
  title      = {Managing Variant Calling Files the Big Data Way},
  address    = {Big Data Computing; Applications and Technologies},
  number     = {},
  year       = {},
  date       = {Big Data Computing, Applications and Technologies,2017},
}

@article{11,
  author = {廖焕祥},
  title = {浅析CARBONDATA在清单查询中的应用},
  journal = {信息通信},
  volume = {},
  number = {},
  year = {2019:96-97},
  issn = {},
  doi ={}
}

@article{12,
  author = {刘洋},
  title = {企业内部的数据孤岛现象的内在成因和解决建议},
  journal = {信息系统工程},
  volume = {},
  number = {},
  year = {2018:93-95},
  issn = {},
  doi ={}
}

@article{13,
  author = {Jiashu Wu and Jingpan Xiong and Hao Dai and Yang Wang and Chengzhong Xu},
  title = {MIX-RS:A Multi-Indexing System Based on HDFS for Remote Sensing Data Storage},
  journal = {Tsinghua Science and Technology},
  volume = {},
  number = {},
  year = {2022:881-893},
  issn = {},
  doi ={}
}

@article{14,
  author = {赵志远},
  title = {AWS的“数据湖”观},
  journal = {网络安全和信息化},
  volume = {},
  number = {},
  year = {2020:8-9},
  issn = {},
  doi ={}
}


@article{15,
  author = {Pegdwendé Sawadogo and Jérôme Darmont},
  title = {On data lake architectures and metadata management},
  journal = {Journal of Intelligent Information Systems},
  volume = {},
  number = {},
  year = {2020:20-21},
  issn = {},
  doi ={}
}

@article{16,
  author = {Yang Chao Tung and Chen Tzu Yang and Kristiani Endah and Wu Shyhtsun Felix},
  title = {The implementation of data storage and analytics platform for big data lake of electricity usage with spark},
  journal = {JOURNAL OF SUPERCOMPUTING},
  volume = {},
  number = {},
  year = {2021:6-8},
  issn = {},
  doi ={}
}

@article{17,
  author = {Patrick McFadin},
  title = {Why developers should use Apache Pulsar},
  journal = {InfoWorld.com},
  volume = {},
  number = {},
  year = {2021:45-47},
  issn = {},
  doi ={}
}

@article{18,
  author = {陈红辉},
  title = {一种基于元数据模型管理的通用比对解决方案},
  journal = {信息与电脑(理论版)},
  volume = {},
  number = {},
  year = {2017:80-83},
  issn = {},
  doi ={}
}

@article{19,
  author = {J Pour},
  title = {Metadata management a business intelligence},
  journal = {systémová integrace},
  volume = {},
  number = {},
  year = {2012:2-3},
  issn = {},
  doi ={}
}

@mastersthesis{20,
  author = {王少杰},
  title = {基于数据湖的联邦数据管理系统的设计与实现},
  school = {北京:北京交通大学},
  year = {2020}
}

@article{21,
  author = {陈倩怡 and 何军},
  title = {Vue+Springboot+MyBatis技术应用解析},
  journal = {电脑编程技巧与维护},
  volume = {},
  number = {},
  year = {2020:14-15},
  issn = {},
  doi ={}
}

@article{22,
  author = {Guanhong Chen and Jiangming Xu},
  title = {Design and implementation of efficient Learning platform based on SpringBoot Framework},
  journal = {Journal of Electronics and Information Science},
  volume = {},
  number = {},
  year = {2020:1-2},
  issn = {},
  doi ={}
}

@article{23,
  author = {Matei Zaharia and Reynold S. Xin and Patrick Wendell and Tathagata Das and Michael Armbrust等},
  title = {Apache Spark: a unified engine for big data processing},
  journal = {Commun. ACM},
  volume = {},
  number = {},
  year = {2016:11-13},
  issn = {},
  doi ={}
}

@article{24,
  author = {N. Deshai and B.V.D.S. Sekhar and S. Venkataramana},
  title = {Processing Big Data with Apache Flink},
  journal = {International Journal of Recent Technology and Engineering (IJRTE)},
  volume = {},
  number = {},
  year = {2019:14-16},
  issn = {},
  doi ={}
}

@mastersthesis{25,
  author = {王富彬},
  title = {基于数据湖的银行OLAP系统研究与实现},
  school = {上海:华东师范大学},
  year = {2022}
}

@article{26,
  title = {LAKEHOUSE DELIVERS FULL APACHE ICEBERG SUPPORT},
  journal = {Worldwide Databases},
  volume = {},
  number = {},
  year = {2022:11-12},
  issn = {},
  doi ={}
}

@article{27,
  author ={Stephen R. Gardner},
  title = {Building the data warehouse},
  journal = {Communications of the ACM},
  volume = {},
  number = {},
  year = {1998:9-10},
  issn = {},
  doi ={}
}

@article{28,
  author = {丘宽},
  title = {基于数据湖的实时数据管理平台设计与实现},
  journal = {数字通信世界},
  volume = {},
  number = {},
  year = {2023:12-14},
  issn = {},
  doi ={}
}

@article{29,
  author = {Anderson Clifford B. and Lawlor Bonnie},
  title = {An introduction to data lakes for academic librarians},
  journal = {Information Services and Use},
  volume = {},
  number = {},
  year = {2022:3-4},
  issn = {},
  doi ={}
}

@mastersthesis{30,
  author = {谭泽华},
  title = {面向多源异构大数据的元数据服务管理平台的设计与实现},
  school = {北京:北京邮电大学},
  year = {2021}
}

@article{31,
  author = {Martin Heller},
  title = {What is Apache Kafka? Scalable event streaming},
  journal = {InfoWorld.com},
  volume = {},
  number = {},
  year = {2022:56-57},
  issn = {},
  doi ={}
}

@article{32,
  author = {Durgesh Raghuvanshi},
  title = {Introduction to Software Testing},
  journal = {Journal of Trend in Scientific Research and Development},
  volume = {},
  number = {},
  year = {2020:3-6},
  issn = {},
  doi ={}
}

@article{33,
  author = {杨柳},
  title = {基于JMeter的网站性能测试研究},
  journal = {信息记录材料},
  volume = {},
  number = {},
  year = {2022:204-206},
  issn = {},
  doi ={}
}

@article{34,
  author = {ZEPL},
  title = {ZEPL Announces 4.1M Funding to Accelerate Innovation and Adoption of Apache Zeppelin For End-to-End Analytics Workflow},
  journal = {Computers, Networks and Communications},
  volume = {},
  number = {},
  year = {2016:116-118},
  issn = {},
}

@article{35,
  author = {郑通 and 郭卫斌 and 范贵生},
  title = {HDFS中海量小文件合并与预取优化方法的研究},
  journal = {计算机科学},
  volume = {},
  number = {},
  year = {2017:516-519},
  issn = {},
  doi ={}
}

@article{36,
  author = {高雪峰 and 王芳},
  title = {做好数据生命周期管理  助力企业数据管理能力提升},
  journal = {网络安全和信息化},
  volume = {},
  number = {},
  year = {2020:30-31},
  issn = {},
  doi ={}
}

@article{37,
  author = {P. Devika and Y. Prasanna and P. Swetha and G. Akhilesh Babu},
  title = {Uber Data Analysis using Map Reduce},
  journal = {International Journal of Recent Technology and Engineering (IJRTE)},
  volume = {},
  number = {},
  year = {2019:4-5},
  issn = {},
  doi ={}
}

@mastersthesis{38,
  author = {冯美娜},
  title = {DataHub数据流通平台的设计与实现},
  school = {北京:北京交通大学},
  year = {2017}
}

@mastersthesis{39,
  author = {陶国智},
  title = {基于阿里云大数据平台的交通运输综合行政执法案件的智能分析和研究},
  school = {广州:广州大学},
  year = {2019}
}

@article{40,
  author = {Wang Guozhang and Koshy Joel and Subramanian Sriram and Paramasivam Kartik and Zadeh Mammad等},
  title = {Building a replicated logging system with Apache Kafka},
  journal = {Proceedings of the VLDB Endowment},
  volume = {},
  number = {},
  year = {2015:12-14},
  issn = {},
  doi ={}
}

@mastersthesis{41,
  author = {马春旭},
  title = {基于SpringBoot的OKR系统部分功能设计与实现},
  school = {南京:南京大学},
  year = {2019}
}

@article{42,
  author = {张勇 and 卢强 and 鲁晓 and 罗燕},
  title = {基于MySQL的科研论文管理系统设计与实现},
  journal = {微型电脑应用},
  volume = {},
  number = {},
  year = {2023:4-6},
  issn = {},
  doi ={}
}

@phdthesis{43,
  author = {朱光辉},
  title = {分布式与自动化大数据智能分析算法与编程计算平台},
  school = {南京:南京大学},
  year = {2020}
}
